@Misc{ctftime:whatisctf,
 author = {ctftime.org},
 title = {CTF? WTF?},
 howpublished= {Online:
\url{https://ctftime.org/ctf-wtf/}},
}

@article{franklin1995linear,
  title={A linear protocol failure for RSA with exponent three},
  author={Franklin, Matthew K and Reiter, Michael K},
  journal={rump session, Crypto},
  volume={95},
  year={1995}
}

@Misc{parlor:mslc,
 author = {hellman},
 title = {PlaidCTF 2014 parlor writeup},
 howpublished = {Online: \url{http://mslc.ctf.su/wp/plaidctf-2014-parlor-writeup/}}
}

@Misc{ctf:github,
 author = {github.com/ctfs},
 title = {Wiki-like {CTF} write-ups repository},
 howpublished = {Online: https://github.com/ctfs/}}
}